<?xml version="1.0" encoding="UTF-8"?><collection xmlns="http://www.loc.gov/MARC21/slim"><record><leader>00452nam--2200145-i-4500</leader><controlfield tag="001">000046864</controlfield><controlfield tag="002">20161230</controlfield><controlfield tag="005">20161230201046</controlfield><controlfield tag="008">060222s1000------------r-----000-0-eng-d</controlfield><datafield ind1=" " ind2=" " tag="080"><subfield code="a">621.791.3</subfield></datafield><datafield ind1=" " ind2=" " tag="100"><subfield code="a">Vologdin,V.V</subfield></datafield><datafield ind1=" " ind2=" " tag="245"><subfield code="a">Lipirea metalelor cu ajutorul incalzirii prin inductie</subfield></datafield><datafield ind1=" " ind2=" " tag="260"><subfield code="a">Bucuresti, Idt, 1958. 68 P.+ Erata</subfield></datafield><datafield ind1=" " ind2=" " tag="490"><subfield code="a">Mica Biblioteca A Muncitorului De La Tratamente Termice Prin Curenti De Inalta Frecventa</subfield></datafield><datafield ind1=" " ind2=" " tag="852"><subfield code="a">5400</subfield></datafield></record></collection>